@article{1810.04753,
      author         = "Biasi, Anxo and Craps, Ben and Evnin, Oleg",
      title          = "{Energy returns in global AdS$_4$}",
      year           = "2018",
      eprint         = "1810.04753",
      archivePrefix  = "arXiv",
      primaryClass   = "hep-th",
      SLACcitation   = "%%CITATION = ARXIV:1810.04753;%%"
}
