@article{1810.04753,
      author         = "Biasi, Anxo and Craps, Ben and Evnin, Oleg",
      title          = "{Energy returns in global AdS$_4$}",
      year           = "2018",
      eprint         = "1810.04753",
      archivePrefix  = "arXiv",
      primaryClass   = "hep-th",
      SLACcitation   = "%%CITATION = ARXIV:1810.04753;%%"
}

@article{1407.6273,
      author         = "Craps, Ben and Evnin, Oleg and Vanhoof, Joris",
      title          = "{Renormalization group, secular term resummation and AdS
                        (in)stability}",
      journal        = "JHEP",
      volume         = "10",
      year           = "2014",
      pages          = "048",
      doi            = "10.1007/JHEP10(2014)048",
      eprint         = "1407.6273",
      archivePrefix  = "arXiv",
      primaryClass   = "gr-qc",
      SLACcitation   = "%%CITATION = ARXIV:1407.6273;%%"
}

@book{Nastase,
      author         = "N\u{a}stase, Hora\c{t}iu",
      title          = "{Introduction to the ADS/CFT Correspondence}",
      publisher      = "Cambridge University Press",
      year           = "2015",
      url            = "http://www.cambridge.org/academic/subjects/physics/theoretical-physics-and-mathematical-physics/introduction-adscft-correspondence?format=HB&isbn=9781107085855",
      ISBN           = "9781107085855, 9781316355305",
      SLACcitation   = "%%CITATION = INSPIRE-1415011;%%"
}
@article{hep-th/9506161,
      author         = "Chen, Lin-Yuan and Goldenfeld, Nigel and Oono, Y.",
      title          = "{The Renormalization group and singular perturbations:
                        Multiple scales, boundary layers and reductive
                        perturbation theory}",
      journal        = "Phys. Rev.",
      volume         = "E54",
      year           = "1996",
      pages          = "376-394",
      doi            = "10.1103/PhysRevE.54.376",
      eprint         = "hep-th/9506161",
      archivePrefix  = "arXiv",
      primaryClass   = "hep-th",
      SLACcitation   = "%%CITATION = HEP-TH/9506161;%%"
}

@article{Breitenlohner:1982bm,
      author         = "Breitenlohner, Peter and Freedman, Daniel Z.",
      title          = "{Positive Energy in Anti-de Sitter Backgrounds and Gauged
                        Extended Supergravity}",
      journal        = "Phys. Lett.",
      volume         = "B115",
      year           = "1982",
      pages          = "197-201",
      doi            = "10.1016/0370-2693(82)90643-8",
      reportNumber   = "PRINT-82-0420 (MIT)",
      SLACcitation   = "%%CITATION = PHLTA,B115,197;%%"
}

@article{1412.3249,
      author         = "Craps, Ben and Evnin, Oleg and Vanhoof, Joris",
      title          = "{Renormalization, averaging, conservation laws and AdS
                        (in)stability}",
      journal        = "JHEP",
      volume         = "01",
      year           = "2015",
      pages          = "108",
      doi            = "10.1007/JHEP01(2015)108",
      eprint         = "1412.3249",
      archivePrefix  = "arXiv",
      primaryClass   = "gr-qc",
      SLACcitation   = "%%CITATION = ARXIV:1412.3249;%%"
}

@article{1711.00454,
      author         = "Cownden, Brad and Deppe, Nils and Frey, Andrew R.",
      title          = "{Phase Diagram of Stability for Massive Scalars in
                        Anti-de Sitter Spacetime}",
      year           = "2017",
      eprint         = "1711.00454",
      archivePrefix  = "arXiv",
      primaryClass   = "hep-th",
      SLACcitation   = "%%CITATION = ARXIV:1711.00454;%%"
}

@article{TTF,
      author         = "Cownden, Brad and Deppe, Nils and Frey, Andrew R.",
      title          = "{\rm In preparation}",
      journal   ="{\rm (2020)}",
      year       =" "
}

@article{1104.3702,
      author         = "Bizo\'n, Piotr and Rostworowski, Andrzej",
      title          = "{On weakly turbulent instability of anti-de Sitter
                        space}",
      journal        = "Phys. Rev. Lett.",
      volume         = "107",
      year           = "2011",
      pages          = "031102",
      doi            = "10.1103/PhysRevLett.107.031102",
      eprint         = "1104.3702",
      archivePrefix  = "arXiv",
      primaryClass   = "gr-qc",
      SLACcitation   = "%%CITATION = ARXIV:1104.3702;%%"
}


@article{1708.05600,
      author         = "Martinon, Gr\'egoire",
      title          = "{The instability of anti-de Sitter space-time}",
      year           = "2017",
      eprint         = "1708.05600",
      archivePrefix  = "arXiv",
      primaryClass   = "gr-qc",
      SLACcitation   = "%%CITATION = ARXIV:1708.05600;%%"
}



@article{1209.2378,
      author         = "Hu, Sanle and Liu, James T. and Pando Zayas, Leopoldo A.",
      title          = "{Charged Boson Stars in AdS and a Zero Temperature Phase
                        Transition}",
      year           = "2012",
      eprint         = "1209.2378",
      archivePrefix  = "arXiv",
      primaryClass   = "hep-th",
      SLACcitation   = "%%CITATION = ARXIV:1209.2378;%%"
}



@article{1301.2452,
      author         = "Brihaye, Yves and Hartmann, Betti and Tojiev, Sardor",
      title          = "{Stability of charged solitons and formation of boson
                        stars in 5-dimensional Anti-de Sitter space-time}",
      journal        = "Class. Quant. Grav.",
      volume         = "30",
      year           = "2013",
      pages          = "115009",
      doi            = "10.1088/0264-9381/30/11/115009",
      eprint         = "1301.2452",
      archivePrefix  = "arXiv",
      primaryClass   = "hep-th",
      SLACcitation   = "%%CITATION = ARXIV:1301.2452;%%"
}



@article{1304.4166,
      author         = "Buchel, Alex and Liebling, Steven L. and Lehner, Luis",
      title          = "{Boson stars in AdS spacetime}",
      journal        = "Phys. Rev.",
      volume         = "D87",
      year           = "2013",
      number         = "12",
      pages          = "123006",
      doi            = "10.1103/PhysRevD.87.123006",
      eprint         = "1304.4166",
      archivePrefix  = "arXiv",
      primaryClass   = "gr-qc",
      reportNumber   = "UWO-TH-13-5",
      SLACcitation   = "%%CITATION = ARXIV:1304.4166;%%"
}



@article{hep-ph/9503217,
      author         = "Copeland, Edmund J. and Gleiser, M. and Muller, H. -R.",
      title          = "{Oscillons: Resonant configurations during bubble
                        collapse}",
      journal        = "Phys. Rev.",
      volume         = "D52",
      year           = "1995",
      pages          = "1920-1933",
      doi            = "10.1103/PhysRevD.52.1920",
      eprint         = "hep-ph/9503217",
      archivePrefix  = "arXiv",
      primaryClass   = "hep-ph",
      reportNumber   = "SUSX-TH-95-3-3, FERMILAB-PUB-95-021-A, DART-HEP-95-01",
      SLACcitation   = "%%CITATION = HEP-PH/9503217;%%"
}


@article{1701.09100,
      author         = "Martinon, Gr\'egoire and Fodor, Gyula and Grandcl\'ement,
                        Philippe and Forg\`acs, P\'eter",
      title          = "{Gravitational geons in asymptotically anti-de Sitter
                        spacetimes}",
      journal        = "Class. Quant. Grav.",
      volume         = "34",
      year           = "2017",
      number         = "12",
      pages          = "125012",
      doi            = "10.1088/1361-6382/aa6f48",
      eprint         = "1701.09100",
      archivePrefix  = "arXiv",
      primaryClass   = "gr-qc",
      SLACcitation   = "%%CITATION = ARXIV:1701.09100;%%"
}

@article{1503.07746,
      author         = "Fodor, Gyula and Forg\`acs, P\'eter and Grandcl\'ment,
                        Philippe",
      title          = "{Self-gravitating scalar breathers with negative
                        cosmological constant}",
      journal        = "Phys. Rev.",
      volume         = "D92",
      year           = "2015",
      number         = "2",
      pages          = "025036",
      doi            = "10.1103/PhysRevD.92.025036",
      eprint         = "1503.07746",
      archivePrefix  = "arXiv",
      primaryClass   = "gr-qc",
      SLACcitation   = "%%CITATION = ARXIV:1503.07746;%%"
}


@article{gr-qc/0310006,
      author         = "Page, Don N.",
      title          = "{Classical and quantum decay of oscillatons: Oscillating
                        selfgravitating real scalar field solitons}",
      journal        = "Phys. Rev.",
      volume         = "D70",
      year           = "2004",
      pages          = "023002",
      doi            = "10.1103/PhysRevD.70.023002",
      eprint         = "gr-qc/0310006",
      archivePrefix  = "arXiv",
      primaryClass   = "gr-qc",
      reportNumber   = "ALBERTA-THY-10-03",
      SLACcitation   = "%%CITATION = GR-QC/0310006;%%"
}



@article{1612.04758,
      author         = "Dimitrakopoulos, Fotios V. and Freivogel, Ben and
                        Pedraza, Juan F.",
      title          = "{Fast and Slow Coherent Cascades in Anti-de Sitter
                        Spacetime}",
      journal        = "Class. Quant. Grav.",
      volume         = "35",
      year           = "2018",
      number         = "12",
      pages          = "125008",
      doi            = "10.1088/1361-6382/aac0b5",
      eprint         = "1612.04758",
      archivePrefix  = "arXiv",
      primaryClass   = "hep-th",
      SLACcitation   = "%%CITATION = ARXIV:1612.04758;%%"
}



@article{1705.03065,
      author         = "Dias, \'{O}scar J. C. and Santos, Jorge E.",
      title          = "{AdS nonlinear instability: breaking spherical and axial
                        symmetries}",
      year           = "2017",
      eprint         = "1705.03065",
      archivePrefix  = "arXiv",
      primaryClass   = "hep-th",
      SLACcitation   = "%%CITATION = ARXIV:1705.03065;%%"
}


@article{1706.06101,
      author         = "Choptuik, Matthew W. and Dias, \'{O}scar J. C. and Santos,
                        Jorge E. and Way, Benson",
      title          = "{Collapse and Nonlinear Instability of AdS Space with
                        Angular Momentum}",
      journal        = "Phys. Rev. Lett.",
      volume         = "119",
      year           = "2017",
      number         = "19",
      pages          = "191104",
      doi            = "10.1103/PhysRevLett.119.191104",
      eprint         = "1706.06101",
      archivePrefix  = "arXiv",
      primaryClass   = "hep-th",
      SLACcitation   = "%%CITATION = ARXIV:1706.06101;%%"
}



@article{1508.02709,
      author         = "Deppe, Nils and Frey, Andrew R.",
      title          = "{Classes of Stable Initial Data for Massless and Massive
                        Scalars in Anti-de Sitter Spacetime}",
      journal        = "JHEP",
      volume         = "12",
      year           = "2015",
      pages          = "004",
      doi            = "10.1007/JHEP12(2015)004",
      eprint         = "1508.02709",
      archivePrefix  = "arXiv",
      primaryClass   = "hep-th",
      SLACcitation   = "%%CITATION = ARXIV:1508.02709;%%"
}


@article{1508.04943,
      author         = "Craps, Ben and Evnin, Oleg and Vanhoof, Joris",
      title          = "{Ultraviolet asymptotics and singular dynamics of AdS
                        perturbations}",
      journal        = "JHEP",
      volume         = "10",
      year           = "2015",
      pages          = "079",
      doi            = "10.1007/JHEP10(2015)079",
      eprint         = "1508.04943",
      archivePrefix  = "arXiv",
      primaryClass   = "gr-qc",
      SLACcitation   = "%%CITATION = ARXIV:1508.04943;%%"
}



@article{1408.0624,
      author         = "Basu, Pallab and Krishnan, Chethan and Saurabh, Ayush",
      title          = "{A stochasticity threshold in holography and the
                        instability of AdS}",
      journal        = "Int. J. Mod. Phys.",
      volume         = "A30",
      year           = "2015",
      number         = "21",
      pages          = "1550128",
      doi            = "10.1142/S0217751X15501286",
      eprint         = "1408.0624",
      archivePrefix  = "arXiv",
      primaryClass   = "hep-th",
      SLACcitation   = "%%CITATION = ARXIV:1408.0624;%%"
}

@article{1403.6471,
      author         = "Balasubramanian, Venkat and Buchel, Alex and Green,
                        Stephen R. and Lehner, Luis and Liebling, Steven L.",
      title          = "{Holographic Thermalization, Stability of Anti-de
                        Sitter Space, and the Fermi-Pasta-Ulam Paradox}",
      journal        = "Phys. Rev. Lett.",
      volume         = "113",
      year           = "2014",
      number         = "7",
      pages          = "071601",
      doi            = "10.1103/PhysRevLett.113.071601",
      eprint         = "1403.6471",
      archivePrefix  = "arXiv",
      primaryClass   = "hep-th",
      reportNumber   = "UWO-TH-14-2",
      SLACcitation   = "%%CITATION = ARXIV:1403.6471;%%"
}



@article{1606.02712,
      author         = "Deppe, Nils",
      title          = "{On the stability of anti-de Sitter spacetime}",
      journal        = "Phys. Rev.",
      volume         = "D100",
      year           = "2019",
      number         = "12",
      pages          = "124028",
      doi            = "10.1103/PhysRevD.100.124028",
      eprint         = "1606.02712",
      archivePrefix  = "arXiv",
      primaryClass   = "gr-qc",
      SLACcitation   = "%%CITATION = ARXIV:1606.02712;%%"
}



@article{1507.08261,
      author         = "Green, Stephen R. and Maillard, Antoine and Lehner, Luis
                        and Liebling, Steven L.",
      title          = "{Islands of stability and recurrence times in AdS}",
      journal        = "Phys. Rev.",
      volume         = "D92",
      year           = "2015",
      number         = "8",
      pages          = "084001",
      doi            = "10.1103/PhysRevD.92.084001",
      eprint         = "1507.08261",
      archivePrefix  = "arXiv",
      primaryClass   = "gr-qc",
      SLACcitation   = "%%CITATION = ARXIV:1507.08261;%%"
}



@article{1410.1869,
      author         = "Deppe, Nils and Kolly, Allison and Frey, Andrew and
                        Kunstatter, Gabor",
      title          = "{Stability of AdS in Einstein Gauss Bonnet Gravity}",
      journal        = "Phys. Rev. Lett.",
      volume         = "114",
      year           = "2015",
      pages          = "071102",
      doi            = "10.1103/PhysRevLett.114.071102",
      eprint         = "1410.1869",
      archivePrefix  = "arXiv",
      primaryClass   = "hep-th",
      SLACcitation   = "%%CITATION = ARXIV:1410.1869;%%"
}

@article{1303.3186,
      author         = "Maliborski, Maciej and Rostworowski, Andrzej",
      title          = "{Time-Periodic Solutions in an Einstein
                        AdS-Massless-Scalar-Field System}",
      journal        = "Phys. Rev. Lett.",
      volume         = "111",
      year           = "2013",
      pages          = "051102",
      doi            = "10.1103/PhysRevLett.111.051102",
      eprint         = "1303.3186",
      archivePrefix  = "arXiv",
      primaryClass   = "gr-qc",
      SLACcitation   = "%%CITATION = ARXIV:1303.3186;%%"
}

@article{1106.2339,
      author         = "Garfinkle, David and Pando Zayas, Leopoldo A.",
      title          = "{Rapid Thermalization in Field Theory from Gravitational
                        Collapse}",
      journal        = "Phys. Rev.",
      volume         = "D84",
      year           = "2011",
      pages          = "066006",
      doi            = "10.1103/PhysRevD.84.066006",
      eprint         = "1106.2339",
      archivePrefix  = "arXiv",
      primaryClass   = "hep-th",
      reportNumber   = "MCTP-11-23",
      SLACcitation   = "%%CITATION = ARXIV:1106.2339;%%"
}

@article{1110.5823,
      author         = "Garfinkle, David and Pando Zayas, Leopoldo A. and
                        Reichmann, Dori",
      title          = "{On Field Theory Thermalization from Gravitational
                        Collapse}",
      journal        = "JHEP",
      volume         = "02",
      year           = "2012",
      pages          = "119",
      doi            = "10.1007/JHEP02(2012)119",
      eprint         = "1110.5823",
      archivePrefix  = "arXiv",
      primaryClass   = "hep-th",
      reportNumber   = "MCTP-11-37",
      SLACcitation   = "%%CITATION = ARXIV:1110.5823;%%"
}

@article{1108.4539,
      author         = "Ja\l{}mu\.{z}na, Joanna and Rostworowski, Andrzej and Bizo\'n,
                        Piotr",
      title          = "{A Comment on AdS collapse of a scalar field in higher
                        dimensions}",
      journal        = "Phys. Rev.",
      volume         = "D84",
      year           = "2011",
      pages          = "085021",
      doi            = "10.1103/PhysRevD.84.085021",
      eprint         = "1108.4539",
      archivePrefix  = "arXiv",
      primaryClass   = "gr-qc",
      SLACcitation   = "%%CITATION = ARXIV:1108.4539;%%"
}

@article{1109.1825,
      author         = "Dias, \'{O}scar J. C. and Horowitz, Gary T. and Santos, Jorge
                        E.",
      title          = "{Gravitational Turbulent Instability of Anti-de Sitter
                        Space}",
      journal        = "Class. Quant. Grav.",
      volume         = "29",
      year           = "2012",
      pages          = "194002",
      doi            = "10.1088/0264-9381/29/19/194002",
      eprint         = "1109.1825",
      archivePrefix  = "arXiv",
      primaryClass   = "hep-th",
      SLACcitation   = "%%CITATION = ARXIV:1109.1825;%%"
}

@article{1210.0890,
      author         = "Buchel, Alex and Lehner, Luis and Liebling, Steven L.",
      title          = "{Scalar Collapse in AdS}",
      journal        = "Phys. Rev.",
      volume         = "D86",
      year           = "2012",
      pages          = "123011",
      doi            = "10.1103/PhysRevD.86.123011",
      eprint         = "1210.0890",
      archivePrefix  = "arXiv",
      primaryClass   = "gr-qc",
      reportNumber   = "UWO-TH-12-10",
      SLACcitation   = "%%CITATION = ARXIV:1210.0890;%%"
}

@article{1306.0317,
      author         = "Bizo\'n, Piotr and Ja\l{}mu\.{z}na, Joanna",
      title          = "{Globally regular instability of $AdS_3$}",
      journal        = "Phys. Rev. Lett.",
      volume         = "111",
      year           = "2013",
      number         = "4",
      pages          = "041102",
      doi            = "10.1103/PhysRevLett.111.041102",
      eprint         = "1306.0317",
      archivePrefix  = "arXiv",
      primaryClass   = "gr-qc",
      SLACcitation   = "%%CITATION = ARXIV:1306.0317;%%"
}

@article{1312.5544,
      author         = "Bizo\'n, Piotr",
      title          = "{Is AdS stable?}",
      booktitle      = "{Proceedings, 20th International Conference on General
                        Relativity and Gravitation and 10th Amaldi Conference on
                        Gravitational Waves (GR20 / Amaldi10): The First Century
                        of General Relativity: Warsaw, Poland, July 7-13, 2013}",
      journal        = "Gen. Rel. Grav.",
      volume         = "46",
      year           = "2014",
      number         = "5",
      pages          = "1724",
      doi            = "10.1007/s10714-014-1724-0",
      eprint         = "1312.5544",
      archivePrefix  = "arXiv",
      primaryClass   = "gr-qc",
      SLACcitation   = "%%CITATION = ARXIV:1312.5544;%%"
}

@article{1208.5772,
      author         = "Dias, \'{O}scar J. C. and Horowitz, Gary T. and Marolf, Don
                        and Santos, Jorge E.",
      title          = "{On the Nonlinear Stability of Asymptotically Anti-de
                        Sitter Solutions}",
      journal        = "Class. Quant. Grav.",
      volume         = "29",
      year           = "2012",
      pages          = "235019",
      doi            = "10.1088/0264-9381/29/23/235019",
      eprint         = "1208.5772",
      archivePrefix  = "arXiv",
      primaryClass   = "gr-qc",
      SLACcitation   = "%%CITATION = ARXIV:1208.5772;%%"
}

@article{1307.2875,
      author         = "Maliborski, Maciej and Rostworowski, Andrzej",
      title          = "{A comment on ``Boson stars in AdS"}",
      year           = "2013",
      eprint         = "1307.2875",
      archivePrefix  = "arXiv",
      primaryClass   = "gr-qc",
      SLACcitation   = "%%CITATION = ARXIV:1307.2875;%%"
}

@article{1403.5434,
      author         = "Maliborski, Maciej and Rostworowski, Andrzej",
      title          = "{What drives AdS spacetime unstable?}",
      journal        = "Phys. Rev.",
      volume         = "D89",
      year           = "2014",
      number         = "12",
      pages          = "124006",
      doi            = "10.1103/PhysRevD.89.124006",
      eprint         = "1403.5434",
      archivePrefix  = "arXiv",
      primaryClass   = "gr-qc",
      SLACcitation   = "%%CITATION = ARXIV:1403.5434;%%"
}

@article{1602.03890,
      author         = "Dias, \'{O}scar and Santos, Jorge E.",
      title          = "{AdS nonlinear instability: moving beyond spherical
                        symmetry}",
      journal        = "Class. Quant. Grav.",
      volume         = "33",
      year           = "2016",
      number         = "23",
      pages          = "23LT01",
      doi            = "10.1088/0264-9381/33/23/23LT01",
      eprint         = "1602.03890",
      archivePrefix  = "arXiv",
      primaryClass   = "hep-th",
      SLACcitation   = "%%CITATION = ARXIV:1602.03890;%%"
}

@article{1412.4761,
      author         = "Buchel, Alex and Green, Stephen R. and Lehner, Luis and
                        Liebling, Steve L.",
      title          = "{Conserved quantities and dual turbulent cascades in
                        anti-de Sitter spacetime}",
      journal        = "Phys. Rev.",
      volume         = "D91",
      year           = "2015",
      number         = "6",
      pages          = "064026",
      doi            = "10.1103/PhysRevD.91.064026",
      eprint         = "1412.4761",
      archivePrefix  = "arXiv",
      primaryClass   = "gr-qc",
      SLACcitation   = "%%CITATION = ARXIV:1412.4761;%%"
}

@article{1506.03519,
      author         = "Bizo\'n, Piotr and Maliborski, Maciej and Rostworowski,
                        Andrzej",
      title          = "{Resonant Dynamics and the Instability of Anti-de
                        Sitter Spacetime}",
      journal        = "Phys. Rev. Lett.",
      volume         = "115",
      year           = "2015",
      number         = "8",
      pages          = "081103",
      doi            = "10.1103/PhysRevLett.115.081103",
      eprint         = "1506.03519",
      archivePrefix  = "arXiv",
      primaryClass   = "gr-qc",
      SLACcitation   = "%%CITATION = ARXIV:1506.03519;%%"
}

@article{1701.07804,
      author         = "Rostworowski, Andrzej",
      title          = "{Higher order perturbations of anti-de Sitter space and
                        time-periodic solutions of vacuum Einstein equations}",
      journal        = "Phys. Rev.",
      volume         = "D95",
      year           = "2017",
      number         = "12",
      pages          = "124043",
      doi            = "10.1103/PhysRevD.95.124043",
      eprint         = "1701.07804",
      archivePrefix  = "arXiv",
      primaryClass   = "gr-qc",
      reportNumber   = "CERN-TH-2017-023",
      SLACcitation   = "%%CITATION = ARXIV:1701.07804;%%"
}

@article{1706.07413,
      author         = "Liebling, Steven L. and Khanna, Gaurav",
      title          = "{Scalar collapse in AdS with an OpenCL open source code}",
      journal        = "Class. Quant. Grav.",
      volume         = "34",
      year           = "2017",
      number         = "20",
      pages          = "205012",
      doi            = "10.1088/1361-6382/aa8b43",
      eprint         = "1706.07413",
      archivePrefix  = "arXiv",
      primaryClass   = "gr-qc",
      SLACcitation   = "%%CITATION = ARXIV:1706.07413;%%"
}

@article{1607.08094,
      author         = "Dimitrakopoulos, Fotios V. and Freivogel, Ben and
                        Pedraza, Juan F. and Yang, I-Sheng",
      title          = "{Gauge dependence of the AdS instability problem}",
      journal        = "Phys. Rev.",
      volume         = "D94",
      year           = "2016",
      number         = "12",
      pages          = "124008",
      doi            = "10.1103/PhysRevD.94.124008",
      eprint         = "1607.08094",
      archivePrefix  = "arXiv",
      primaryClass   = "hep-th",
      SLACcitation   = "%%CITATION = ARXIV:1607.08094;%%"
}

@article{1510.07836,
      author         = "Craps, Ben and Evnin, Oleg",
      title          = "{AdS (in)stability: an analytic approach}",
      booktitle      = "{Proceedings, The String Theory Universe, 21st European
                        String Workshop and 3rd COST MP1210 Meeting: Leuven,
                        Belgium, September 7-11, 2015}",
      journal        = "Fortsch. Phys.",
      volume         = "64",
      year           = "2016",
      pages          = "336-344",
      doi            = "10.1002/prop.201500067",
      eprint         = "1510.07836",
      archivePrefix  = "arXiv",
      primaryClass   = "gr-qc",
      SLACcitation   = "%%CITATION = ARXIV:1510.07836;%%"
}

@article{1510.02592,
      author         = "Ja\l{}mu\.{z}na, Joanna and Gundlach, Carsten and Chmaj,
                        Tadeusz",
      title          = "{Scalar field critical collapse in 2+1 dimensions}",
      journal        = "Phys. Rev.",
      volume         = "D92",
      year           = "2015",
      number         = "12",
      pages          = "124044",
      doi            = "10.1103/PhysRevD.92.124044",
      eprint         = "1510.02592",
      archivePrefix  = "arXiv",
      primaryClass   = "gr-qc",
      SLACcitation   = "%%CITATION = ARXIV:1510.02592;%%"
}

@article{1507.02684,
      author         = "Dimitrakopoulos, Fotios and Yang, I-Sheng",
      title          = "{Conditionally extended validity of perturbation theory:
                        Persistence of AdS stability islands}",
      journal        = "Phys. Rev.",
      volume         = "D92",
      year           = "2015",
      number         = "8",
      pages          = "083013",
      doi            = "10.1103/PhysRevD.92.083013",
      eprint         = "1507.02684",
      archivePrefix  = "arXiv",
      primaryClass   = "hep-th",
      SLACcitation   = "%%CITATION = ARXIV:1507.02684;%%"
}

@article{1602.03535,
      author         = "Brito, Richard and Cardoso, Vitor and Rocha, Jorge V.",
      title          = "{Interacting shells in AdS spacetime and chaos}",
      journal        = "Phys. Rev.",
      volume         = "D94",
      year           = "2016",
      number         = "2",
      pages          = "024003",
      doi            = "10.1103/PhysRevD.94.024003",
      eprint         = "1602.03535",
      archivePrefix  = "arXiv",
      primaryClass   = "hep-th",
      SLACcitation   = "%%CITATION = ARXIV:1602.03535;%%"
}

@article{1501.00007,
      author         = "Hubeny, Veronika E.",
      title          = "{The AdS/CFT Correspondence}",
      journal        = "Class. Quant. Grav.",
      volume         = "32",
      year           = "2015",
      number         = "12",
      pages          = "124010",
      doi            = "10.1088/0264-9381/32/12/124010",
      eprint         = "1501.00007",
      archivePrefix  = "arXiv",
      primaryClass   = "gr-qc",
      SLACcitation   = "%%CITATION = ARXIV:1501.00007;%%"
}

@article{1712.07637,
      author         = "Biasi, Anxo and Carracedo, Pablo and Mas, Javier and
                        Musso, Daniele and Serantes, Alexandre",
      title          = "{Floquet Scalar Dynamics in Global AdS}",
      journal        = "JHEP",
      volume         = "04",
      year           = "2018",
      pages          = "137",
      doi            = "10.1007/JHEP04(2018)137",
      eprint         = "1712.07637",
      archivePrefix  = "arXiv",
      primaryClass   = "hep-th",
      SLACcitation   = "%%CITATION = ARXIV:1712.07637;%%"
}

@article{1803.02830,
      author         = "Choptuik, Matthew and Santos, Jorge E. and Way, Benson",
      title          = "{Charting Islands of Stability with Multioscillators in
                        anti-de Sitter space}",
      journal        = "Phys. Rev. Lett.",
      volume         = "121",
      year           = "2018",
      number         = "2",
      pages          = "021103",
      doi            = "10.1103/PhysRevLett.121.021103",
      eprint         = "1803.02830",
      archivePrefix  = "arXiv",
      primaryClass   = "hep-th",
      SLACcitation   = "%%CITATION = ARXIV:1803.02830;%%"
}

@article{1612.07701,
      author         = "Carracedo, Pablo and Mas, Javier and Musso, Daniele and
                        Serantes, Alexandre",
      title          = "{Adiabatic pumping solutions in global AdS}",
      journal        = "JHEP",
      volume         = "05",
      year           = "2017",
      pages          = "141",
      doi            = "10.1007/JHEP05(2017)141",
      eprint         = "1612.07701",
      archivePrefix  = "arXiv",
      primaryClass   = "hep-th",
      SLACcitation   = "%%CITATION = ARXIV:1612.07701;%%"
}

@article{1508.05474,
      author         = "Craps, Ben and Evnin, Oleg and Jai-akson, Puttarak and
                        Vanhoof, Joris",
      title          = "{Ultraviolet asymptotics for quasiperiodic AdS$_{4}$
                        perturbations}",
      journal        = "JHEP",
      volume         = "10",
      year           = "2015",
      pages          = "080",
      doi            = "10.1007/JHEP10(2015)080",
      eprint         = "1508.05474",
      archivePrefix  = "arXiv",
      primaryClass   = "gr-qc",
      SLACcitation   = "%%CITATION = ARXIV:1508.05474;%%"
}

@article{1410.6201,
      author         = "Buchel, Alex and Myers, Robert C. and van Niekerk, Anton",
      title          = "{Nonlocal probes of thermalization in holographic
                        quenches with spectral methods}",
      journal        = "JHEP",
      volume         = "02",
      year           = "2015",
      pages          = "017",
      doi            = "10.1007/JHEP07(2015)137, 10.1007/JHEP02(2015)017",
      note           = "[Erratum: JHEP07,137(2015)]",
      eprint         = "1410.6201",
      archivePrefix  = "arXiv",
      primaryClass   = "hep-th",
      SLACcitation   = "%%CITATION = ARXIV:1410.6201;%%"
}

@article{1602.05859,
      author         = "Evnin, Oleg and Jai-akson, Puttarak",
      title          = "{Detailed ultraviolet asymptotics for AdS scalar field
                        perturbations}",
      journal        = "JHEP",
      volume         = "04",
      year           = "2016",
      pages          = "054",
      doi            = "10.1007/JHEP04(2016)054",
      eprint         = "1602.05859",
      archivePrefix  = "arXiv",
      primaryClass   = "hep-th",
      SLACcitation   = "%%CITATION = ARXIV:1602.05859;%%"
}

@article{1502.05726,
      author         = "Rangamani, Mukund and Rozali, Moshe and Wong, Anson",
      title          = "{Driven Holographic CFTs}",
      journal        = "JHEP",
      volume         = "04",
      year           = "2015",
      pages          = "093",
      doi            = "10.1007/JHEP04(2015)093",
      eprint         = "1502.05726",
      archivePrefix  = "arXiv",
      primaryClass   = "hep-th",
      reportNumber   = "DCPT-15-05",
      SLACcitation   = "%%CITATION = ARXIV:1502.05726;%%"
}

@article{1706.02438,
      author         = "Myers, Robert C. and Rozali, Moshe and Way, Benson",
      title          = "{Holographic Quenches in a Confined Phase}",
      journal        = "J. Phys.",
      volume         = "A50",
      year           = "2017",
      number         = "49",
      pages          = "494002",
      doi            = "10.1088/1751-8121/aa927c",
      eprint         = "1706.02438",
      archivePrefix  = "arXiv",
      primaryClass   = "hep-th",
      SLACcitation   = "%%CITATION = ARXIV:1706.02438;%%"
}

@article{1305.4117,
      author         = "Nakayama, Yu",
      title          = "{Holographic interpretation of renormalization group
                        approach to singular perturbations in nonlinear
                        differential equations}",
      journal        = "Phys. Rev.",
      volume         = "D88",
      year           = "2013",
      number         = "10",
      pages          = "105006",
      doi            = "10.1103/PhysRevD.88.105006",
      eprint         = "1305.4117",
      archivePrefix  = "arXiv",
      primaryClass   = "hep-th",
      reportNumber   = "CALT-68-2935",
      SLACcitation   = "%%CITATION = ARXIV:1305.4117;%%"
}

@article{1308.2132,
      author         = "Auzzi, Roberto and Elitzur, Shmuel and Gudnason, Sven
                        Bjarke and Rabinovici, Eliezer",
      title          = "{On periodically driven AdS/CFT}",
      journal        = "JHEP",
      volume         = "11",
      year           = "2013",
      pages          = "016",
      doi            = "10.1007/JHEP11(2013)016",
      eprint         = "1308.2132",
      archivePrefix  = "arXiv",
      primaryClass   = "hep-th",
      reportNumber   = "CERN-PH-TH-2013-172",
      SLACcitation   = "%%CITATION = ARXIV:1308.2132;%%"
}

@article{1701.05899,
    author = "Berdanier, William and Kolodrubetz, Michael and Vasseur, Romain and Moore, Joel E.",
    title = "{Floquet Dynamics of Boundary-Driven Systems at Criticality}",
    eprint = "1701.05899",
    archivePrefix = "arXiv",
    primaryClass = "cond-mat.str-el",
    doi = "10.1103/PhysRevLett.118.260602",
    journal = "Phys. Rev. Lett.",
    volume = "118",
    number = "26",
    pages = "260602",
    year = "2017"
}

@article{1805.00031,
    author = "Wen, Xueda and Wu, Jie-Qiang",
    title = "{Floquet conformal field theory}",
    eprint = "1805.00031",
    archivePrefix = "arXiv",
    primaryClass = "cond-mat.str-el",
    reportNumber = "MIT-CTP-4999",
    month = "4",
    year = "2018"
}

@article{hep-th/9808017,
    author = "Balasubramanian, Vijay and Kraus, Per and Lawrence, Albion E. and Trivedi, Sandip P.",
    title = "{Holographic probes of anti-de Sitter space-times}",
    eprint = "hep-th/9808017",
    archivePrefix = "arXiv",
    reportNumber = "HUTP-98-A057, CALT-68-2189, FERMILAB-PUB-98-240-T",
    doi = "10.1103/PhysRevD.59.104021",
    journal = "Phys. Rev. D",
    volume = "59",
    pages = "104021",
    year = "1999"
}

@article{hep-th/9805171,
    author = "Balasubramanian, Vijay and Kraus, Per and Lawrence, Albion E.",
    title = "{Bulk versus boundary dynamics in anti-de Sitter space-time}",
    eprint = "hep-th/9805171",
    archivePrefix = "arXiv",
    reportNumber = "HUTP-98-A028, CALT-68-2171",
    doi = "10.1103/PhysRevD.59.046003",
    journal = "Phys. Rev. D",
    volume = "59",
    pages = "046003",
    year = "1999"
}

@article{0707.1737,
    author = "Manvelyan, Ruben and Mkrtchyan, Karapet and Mkrtchyan, Ruben",
    title = "{Conformal invariant powers of the Laplacian, Fefferman-Graham ambient metric and Ricci gauging}",
    eprint = "0707.1737",
    archivePrefix = "arXiv",
    primaryClass = "hep-th",
    doi = "10.1016/j.physletb.2007.10.014",
    journal = "Phys. Lett. B",
    volume = "657",
    pages = "112--119",
    year = "2007"
}

@article{fefferman1985mathematical,
    author = "Fefferman, Charles and Graham, C. Robin",
    title = "{The ambient metric}",
    eprint = "0710.0919",
    archivePrefix = "arXiv",
    primaryClass = "math.DG",
    journal = "Ann. Math. Stud.",
    volume = "178",
    pages = "1--128",
    year = "2011"
}


@article{hep-th/0303164,
    author = "Alvarez, Enrique and Conde, Jorge and Hernandez, Lorenzo",
    title = "{The Dirichlet obstruction in AdS / CFT}",
    eprint = "hep-th/0303164",
    archivePrefix = "arXiv",
    reportNumber = "IFT-UAM-CSIC-03-10",
    doi = "10.1142/S0218271803003839",
    journal = "Int. J. Mod. Phys. D",
    volume = "12",
    pages = "1415--1430",
    year = "2003"
}

@article{hep-th/0205075,
    author = "Alvarez, Enrique and Conde, Jorge and Hernandez, Lorenzo",
    title = "{Rudiments of holography}",
    eprint = "hep-th/0205075",
    archivePrefix = "arXiv",
    reportNumber = "IFT-UAM-CSIC-02-05",
    doi = "10.1142/S0218271803002780",
    journal = "Int. J. Mod. Phys. D",
    volume = "12",
    pages = "543--582",
    year = "2003"
}

@article{hep-th/0205061,
    author = "Martelli, Dario and Mueck, Wolfgang",
    title = "{Holographic renormalization and Ward identities with the Hamilton-Jacobi method}",
    eprint = "hep-th/0205061",
    archivePrefix = "arXiv",
    reportNumber = "QMUL-PH-02-11, DSF-11-2002",
    doi = "10.1016/S0550-3213(03)00060-9",
    journal = "Nucl. Phys. B",
    volume = "654",
    pages = "248--276",
    year = "2003"
}

@article{hep-th/0112119,
    author = "Bianchi, Massimo and Freedman, Daniel Z. and Skenderis, Kostas",
    title = "{Holographic renormalization}",
    eprint = "hep-th/0112119",
    archivePrefix = "arXiv",
    reportNumber = "MIT-CTP-3166, PUTP-1999, DAMTP-2001-63, ROM2F-2001-30",
    doi = "10.1016/S0550-3213(02)00179-7",
    journal = "Nucl. Phys. B",
    volume = "631",
    pages = "159--194",
    year = "2002"
}

@article{hep-th/9804058,
    author = "Freedman, Daniel Z. and Mathur, Samir D. and Matusis, Alec and Rastelli, Leonardo",
    title = "{Correlation functions in the CFT(d) / AdS(d+1) correspondence}",
    eprint = "hep-th/9804058",
    archivePrefix = "arXiv",
    reportNumber = "MIT-CTP-2727",
    doi = "10.1016/S0550-3213(99)00053-X",
    journal = "Nucl. Phys. B",
    volume = "546",
    pages = "96--118",
    year = "1999"
}

@article{hep-th/9802150,
    author = "Witten, Edward",
    title = "{Anti-de Sitter space and holography}",
    eprint = "hep-th/9802150",
    archivePrefix = "arXiv",
    reportNumber = "IASSNS-HEP-98-15",
    doi = "10.4310/ATMP.1998.v2.n2.a2",
    journal = "Adv. Theor. Math. Phys.",
    volume = "2",
    pages = "253--291",
    year = "1998"
}

@article{hep-th/9802109,
    author = "Gubser, S.S. and Klebanov, Igor R. and Polyakov, Alexander M.",
    title = "{Gauge theory correlators from noncritical string theory}",
    eprint = "hep-th/9802109",
    archivePrefix = "arXiv",
    reportNumber = "PUPT-1767",
    doi = "10.1016/S0370-2693(98)00377-3",
    journal = "Phys. Lett. B",
    volume = "428",
    pages = "105--114",
    year = "1998"
}

@article{1206.6785,
    author = "Buchel, Alex and Lehner, Luis and Myers, Robert C.",
    title = "{Thermal quenches in N=2* plasmas}",
    eprint = "1206.6785",
    archivePrefix = "arXiv",
    primaryClass = "hep-th",
    reportNumber = "UWO-TH-12-3",
    doi = "10.1007/JHEP08(2012)049",
    journal = "JHEP",
    volume = "08",
    pages = "049",
    year = "2012"
}


